@article{mateus2019empirical,
  title={An empirical study on quality of Android applications written in Kotlin language},
  author={Mateus, Bruno Gois and Martinez, Matias},
  journal={Empirical Software Engineering},
  volume={24},
  number={6},
  pages={3356--3393},
  year={2019},
  publisher={Springer}
}
@article{beck1999bad,
  title={Bad smells in code},
  author={Beck, Kent and Fowler, Martin and Beck, Grandma},
  journal={Refactoring: Improving the design of existing code},
  volume={1},
  number={1999},
  pages={75--88},
  year={1999}
}
@article{ardito2020effectiveness,
  title={Effectiveness of Kotlin vs. Java in android app development tasks},
  author={Ardito, Luca and Coppola, Riccardo and Malnati, Giovanni and Torchiano, Marco},
  journal={Information and Software Technology},
  volume={127},
  pages={106374},
  year={2020},
  publisher={Elsevier}
}
@book{murphy2008busy,
  title={The busy coder's guide to Android development},
  author={Murphy, Mark L},
  year={2008},
  publisher={United States: CommonsWare, 2008.}
}
@book{samuel2017programming,
  title={Programming kotlin},
  author={Samuel, Stephen and Bocutiu, Stefan},
  year={2017},
  publisher={Packt Publishing Ltd}
}
@article{matsakis2014rust,
  title={The rust language},
  author={Matsakis, Nicholas D and Klock, Felix S},
  journal={ACM SIGAda Ada Letters},
  volume={34},
  number={3},
  pages={103--104},
  year={2014},
  publisher={ACM New York, NY, USA}
}
@article{hanenberg2014empirical,
  title={An empirical study on the impact of static typing on software maintainability},
  author={Hanenberg, Stefan and Kleinschmager, Sebastian and Robbes, Romain and Tanter, {\'E}ric and Stefik, Andreas},
  journal={Empirical Software Engineering},
  volume={19},
  number={5},
  pages={1335--1382},
  year={2014},
  publisher={Springer}
}
@book{jones1996garbage,
  title={Garbage collection: algorithms for automatic dynamic memory management},
  author={Jones, Richard and Lins, Rafael},
  year={1996},
  publisher={John Wiley \& Sons, Inc.}
}
@inproceedings{de2018meaning,
  title={The meaning of memory safety},
  author={de Amorim, Arthur Azevedo and Hri{\c{t}}cu, C{\u{a}}t{\u{a}}lin and Pierce, Benjamin C},
  booktitle={International Conference on Principles of Security and Trust},
  pages={79--105},
  year={2018},
  organization={Springer}
}
@inproceedings{levy2015ownership,
  title={Ownership is theft: Experiences building an embedded OS in Rust},
  author={Levy, Amit and Andersen, Michael P and Campbell, Bradford and Culler, David and Dutta, Prabal and Ghena, Branden and Levis, Philip and Pannuto, Pat},
  booktitle={Proceedings of the 8th Workshop on Programming Languages and Operating Systems},
  pages={21--26},
  year={2015}
}
@article{ardito2021evaluation,
  title={Evaluation of Rust code verbosity, understandability and complexity},
  author={Ardito, Luca and Barbato, Luca and Coppola, Riccardo and Valsesia, Michele},
  journal={PeerJ Computer Science},
  year={2021},
  publisher={PeerJ, Inc.}
}
@inproceedings{pombrio2014resugaring,
  title={Resugaring: Lifting evaluation sequences through syntactic sugar},
  author={Pombrio, Justin and Krishnamurthi, Shriram},
  booktitle={Proceedings of the 35th ACM SIGPLAN Conference on Programming Language Design and Implementation},
  pages={361--371},
  year={2014}
}
@book{owens2010sqlite,
  title={SQLite},
  author={Owens, Mike and Allen, Grant},
  year={2010},
  publisher={Springer}
}
@book{aditya2014android,
  title={Android sQLite essentials},
  author={Aditya, Sunny Kumar and Karn, Vikash Kumar},
  year={2014},
  publisher={Packt Publishing}
}
@article{diffie1979privacy,
  title={Privacy and authentication: An introduction to cryptography},
  author={Diffie, Whitfield and Hellman, Martin E},
  journal={Proceedings of the IEEE},
  volume={67},
  number={3},
  pages={397--427},
  year={1979},
  publisher={IEEE}
}
@book{garfinkel1995pgp,
  title={PGP: pretty good privacy},
  author={Garfinkel, Simson},
  year={1995},
  publisher={" O'Reilly Media, Inc."}
}
@article{milanov2009rsa,
  title={The RSA algorithm},
  author={Milanov, Evgeny},
  journal={RSA laboratories},
  pages={1--11},
  year={2009}
}
@article{oord2016wavenet,
  title={Wavenet: A generative model for raw audio},
  author={Oord, Aaron van den and Dieleman, Sander and Zen, Heiga and Simonyan, Karen and Vinyals, Oriol and Graves, Alex and Kalchbrenner, Nal and Senior, Andrew and Kavukcuoglu, Koray},
  journal={arXiv preprint arXiv:1609.03499},
  year={2016}
}
@article{tan2021survey,
  title={A survey on neural speech synthesis},
  author={Tan, Xu and Qin, Tao and Soong, Frank and Liu, Tie-Yan},
  journal={arXiv preprint arXiv:2106.15561},
  year={2021}
}

